@online{khan-no-date,
	author = {given=Ammar, prefix=Ahmad, family=Khan},
	subtitle = {An Internship Report},
	title = {Measuring gravity using Electromagnetic Induction},
	url = {https://physlab.org/wp-content/uploads/2016/04/Measuring_gravity.pdf},
	urldate = {2024-09-28},
}

@article{boyer-1988,
	author = {given-i=TH, given={Timothy H.}, family=Boyer},
	date = {1988-08-01},
	doi = {10.1119/1.15501},
	journaltitle = {American Journal of Physics},
	number = {8},
	pages = {688--692},
	title = {The force on a magnetic dipole},
	url = {https://pubs.aip.org/aapt/ajp/article-abstract/56/8/688/572081/The-force-on-a-magnetic-dipole?redirectedFrom=fulltext},
	volume = {56},
}

@book{griffiths-2023,
	author = {given-i=DJ, given={David J.}, family=Griffiths},
	date = {2023-11-02},
	publisher = {Cambridge University Press},
	title = {Introduction to Electrodynamics},
}

@article{riad-2023,
	author = {Riad, Ihab F},
	journal = {Physics Education},
	month = {2},
	number = {3},
	pages = {035008},
	title = {{Measuring g using magnetic induction}},
	volume = {58},
	year = {2023},
	doi = {10.1088/1361-6552/acb033},
	url = {https://doi.org/10.1088/1361-6552/acb033},
}

@book{zangwill-2013,
	author = {given-i=A, given=Andrew, family=Zangwill},
	date = {2013-01-01},
	publisher = {Cambridge University Press},
	title = {Modern Electrodynamics},
}

@article{jing-2019,
	author = {given-i=L, given=Liu, family=Jing},
	date = {2019-08-31},
	doi = {10.21474/ijar01/9603},
	journaltitle = {International Journal of Advanced Research},
	number = {8},
	pages = {1129--1133},
	title = {Simplified measurement of gravity acceleration based on electromagnetic induction principle.},
	url = {https://doi.org/10.21474/ijar01/9603},
	volume = {7},
}
