@article{riad-2023,
	author = {Riad, Ihab F},
	journal = {Physics Education},
	month = {2},
	number = {3},
	pages = {035008},
	title = {{Measuring g using magnetic induction}},
	volume = {58},
	year = {2023},
}
@misc{khan-no-date,
	author = {Ahmad Khan, Ammar},
	title = {{Measuring gravity using Electromagnetic Induction}},
	url = {https://physlab.org/wp-content/uploads/2016/04/Measuring_gravity.pdf},
}
@article{jing-2019,
	author = {Jing, Liu},
	journal = {International Journal of Advanced Research},
	month = {8},
	number = {8},
	pages = {1129--1133},
	title = {{SIMPLIFIED MEASUREMENT OF GRAVITY ACCELERATION BASED ON ELECTROMAGNETIC INDUCTION PRINCIPLE.}},
	volume = {7},
	year = {2019},
	doi = {10.21474/ijar01/9603},
	url = {https://doi.org/10.21474/ijar01/9603},
}
@article{boyer-1988,
	author = {Boyer, Timothy H.},
	journal = {American Journal of Physics},
	month = {8},
	number = {8},
	pages = {688--692},
	title = {{The force on a magnetic dipole}},
	volume = {56},
	year = {1988},
	doi = {10.1119/1.15501},
	url = {https://pubs.aip.org/aapt/ajp/article-abstract/56/8/688/572081/The-force-on-a-magnetic-dipole?redirectedFrom=fulltext},
}
@book{griffiths-2023,
	author = {Griffiths, David J.},
	month = {11},
	publisher = {Cambridge University Press},
	title = {{Introduction to Electrodynamics}},
	year = {2023},
}
